
% Optional fields: volume/number, series, address, edition, month, note
@BOOK{Betcke,
  author = {Betcke, Chandler-Wilde, Graham, Langdon, Lindner},
  title = {Condition number estimates, Num. Meth. PDEs},
  year = {2010}
}

@book{Alt,
  author = {Alt, H.W.},
  title = {Lineare {F}unktionalanalysis},
  note = {Eine anwendungsorientierte Einf\"uhrung},
  publisher = {Springer-Verlag},
  edition = {Sixth},
  year = {2012},
  ISBN = {3-540-43947-1},
  pages = {464}
}

@book {Ljusternik,
    AUTHOR = {Ljusternik, L. A. and Sobolew, W. I.},
     TITLE = {Elemente der {F}unktionalanalysis},
    SERIES = {Mathematische Lehrb\"ucher und Monographien, I. Abteilung:
              Mathematische Lehrb\"ucher [Mathematical Textbooks and
              Monographs, Part I: Mathematical Textbooks]},
    VOLUME = {8},
   EDITION = {Sixth},
      NOTE = {Edited by Konrad Gr{\"o}ger,
              Translated from the Russian by Klaus Fielder},
 PUBLISHER = {Akademie-Verlag, Berlin},
      YEAR = {1979},
     PAGES = {viii+375},
   MRCLASS = {46-01 (47-01)},
  MRNUMBER = {539144 (80h:46001)},
}

@book {Ioffe,
    AUTHOR = {Ioffe, A. D. and Tihomirov, V. M.},
     TITLE = {Theorie der {E}xtremalaufgaben},
      NOTE = {Translated from the Russian by Bernd Luderer},
 PUBLISHER = {VEB Deutscher Verlag der Wissenschaften, Berlin},
      YEAR = {1979},
     PAGES = {399},
   MRCLASS = {49-02 (46G99)},
  MRNUMBER = {527119 (80d:49001a)},
}

@book {GrossmannRoos,
    AUTHOR = {Grossmann, Christian and Roos, Hans-G{\"o}rg},
     TITLE = {Numerical treatment of partial differential equations},
    SERIES = {Universitext},
      NOTE = {Translated and revised from the 3rd (2005) German edition by
              Martin Stynes},
 PUBLISHER = {Springer, Berlin},
      YEAR = {2007},
     PAGES = {xii+591},
      ISBN = {978-3-540-71582-5},
   MRCLASS = {65-01 (65Mxx 65Nxx)},
  MRNUMBER = {2362757 (2009b:65004)},
MRREVIEWER = {Beny Neta},
       DOI = {10.1007/978-3-540-71584-9},
       URL = {http://dx.doi.org/10.1007/978-3-540-71584-9},
}

@book {Troeltzsch,
    AUTHOR = {Tr{\"o}ltzsch, Fredi},
     TITLE = {Optimal control of partial differential equations},
    SERIES = {Graduate Studies in Mathematics},
    VOLUME = {112},
      NOTE = {Theory, methods and applications,
              Translated from the 2005 German original by J{\"u}rgen
              Sprekels},
 PUBLISHER = {American Mathematical Society, Providence, RI},
      YEAR = {2010},
     PAGES = {xvi+399},
      ISBN = {978-0-8218-4904-0},
   MRCLASS = {49-02 (35J61 35K59 49J20 49K20 93C20)},
  MRNUMBER = {2583281 (2011h:49004)},
MRREVIEWER = {Irena Lasiecka},
       DOI = {10.1090/gsm/112},
       URL = {http://dx.doi.org/10.1090/gsm/112},
}

@book {Adams,
    AUTHOR = {Adams, Robert A. and Fournier, John J. F.},
     TITLE = {Sobolev spaces},
    SERIES = {Pure and Applied Mathematics (Amsterdam)},
    VOLUME = {140},
   EDITION = {Second},
 PUBLISHER = {Elsevier/Academic Press, Amsterdam},
      YEAR = {2003},
     PAGES = {xiv+305},
      ISBN = {0-12-044143-8},
   MRCLASS = {46E35 (46-01 46-02 46B70 46Exx)},
  MRNUMBER = {2424078 (2009e:46025)},
}

@book {Edwards,
    AUTHOR = {Edwards, R. E.},
     TITLE = {Functional analysis},
      NOTE = {Theory and applications,
              Corrected reprint of the 1965 original},
 PUBLISHER = {Dover Publications, Inc., New York},
      YEAR = {1995},
     PAGES = {xvi+783},
      ISBN = {0-486-68143-2},
   MRCLASS = {46-01 (47-01)},
  MRNUMBER = {1320261 (95k:46001)},
}

@book {Wloka,
    AUTHOR = {Wloka, Joseph},
     TITLE = {Partielle {D}ifferentialgleichungen},
      NOTE = {Sobolevr{\"a}ume und Randwertaufgaben. [Sobolev spaces and
              boundary value problems],
              Mathematische Leitf{\"a}den. [Mathematical Textbooks]},
 PUBLISHER = {B. G. Teubner, Stuttgart},
      YEAR = {1982},
     PAGES = {500},
      ISBN = {3-519-02225-7},
   MRCLASS = {35-01 (46-01 65-01)},
  MRNUMBER = {652934 (84a:35002)},
MRREVIEWER = {M. Schechter},
}

@book {Zeidler2B,
    AUTHOR = {Zeidler, Eberhard},
     TITLE = {Nonlinear functional analysis and its applications. {II}/{B}},
      NOTE = {Nonlinear monotone operators,
              Translated from the German by the author and Leo F. Boron},
 PUBLISHER = {Springer-Verlag, New York},
      YEAR = {1990},
     PAGES = {i--xvi and 469--1202},
      ISBN = {0-387-97167-X},
   MRCLASS = {47-02 (35-01 35J60 47Hxx 58-01 65Jxx)},
  MRNUMBER = {1033498 (91b:47002)},
MRREVIEWER = {Jean Mawhin},
       DOI = {10.1007/978-1-4612-0985-0},
       URL = {http://dx.doi.org/10.1007/978-1-4612-0985-0},
}